%YAML 1.1
%TAG !u! tag:unity3d.com,2011:
--- !u!29 &1
SceneSettings:
  m_ObjectHideFlags: 0
  m_PVSData: 
  m_PVSObjectsArray: []
  m_PVSPortalsArray: []
  m_OcclusionBakeSettings:
    smallestOccluder: 5
    smallestHole: 0.25
    backfaceThreshold: 100
--- !u!104 &2
RenderSettings:
  m_ObjectHideFlags: 0
  serializedVersion: 7
  m_Fog: 0
  m_FogColor: {r: 0.5, g: 0.5, b: 0.5, a: 1}
  m_FogMode: 3
  m_FogDensity: 0.01
  m_LinearFogStart: 0
  m_LinearFogEnd: 300
  m_AmbientSkyColor: {r: 0.212, g: 0.227, b: 0.259, a: 1}
  m_AmbientEquatorColor: {r: 0.114, g: 0.125, b: 0.133, a: 1}
  m_AmbientGroundColor: {r: 0.047, g: 0.043, b: 0.035, a: 1}
  m_AmbientIntensity: 1
  m_AmbientMode: 3
  m_SkyboxMaterial: {fileID: 0}
  m_HaloStrength: 0.5
  m_FlareStrength: 1
  m_FlareFadeSpeed: 3
  m_HaloTexture: {fileID: 0}
  m_SpotCookie: {fileID: 10001, guid: 0000000000000000e000000000000000, type: 0}
  m_DefaultReflectionMode: 0
  m_DefaultReflectionResolution: 128
  m_ReflectionBounces: 1
  m_ReflectionIntensity: 1
  m_CustomReflection: {fileID: 0}
  m_Sun: {fileID: 0}
  m_IndirectSpecularColor: {r: 0, g: 0, b: 0, a: 1}
--- !u!157 &3
LightmapSettings:
  m_ObjectHideFlags: 0
  serializedVersion: 7
  m_GIWorkflowMode: 1
  m_GISettings:
    serializedVersion: 2
    m_BounceScale: 1
    m_IndirectOutputScale: 1
    m_AlbedoBoost: 1
    m_TemporalCoherenceThreshold: 1
    m_EnvironmentLightingMode: 0
    m_EnableBakedLightmaps: 0
    m_EnableRealtimeLightmaps: 0
  m_LightmapEditorSettings:
    serializedVersion: 4
    m_Resolution: 2
    m_BakeResolution: 40
    m_TextureWidth: 1024
    m_TextureHeight: 1024
    m_AO: 0
    m_AOMaxDistance: 1
    m_CompAOExponent: 1
    m_CompAOExponentDirect: 0
    m_Padding: 2
    m_LightmapParameters: {fileID: 0}
    m_LightmapsBakeMode: 1
    m_TextureCompression: 1
    m_DirectLightInLightProbes: 1
    m_FinalGather: 0
    m_FinalGatherFiltering: 1
    m_FinalGatherRayCount: 256
    m_ReflectionCompression: 2
  m_LightingDataAsset: {fileID: 0}
  m_RuntimeCPUUsage: 25
--- !u!196 &4
NavMeshSettings:
  serializedVersion: 2
  m_ObjectHideFlags: 0
  m_BuildSettings:
    serializedVersion: 2
    agentRadius: 0.5
    agentHeight: 2
    agentSlope: 45
    agentClimb: 0.4
    ledgeDropHeight: 0
    maxJumpAcrossDistance: 0
    accuratePlacement: 0
    minRegionArea: 2
    cellSize: 0.16666667
    manualCellSize: 0
  m_NavMeshData: {fileID: 0}
--- !u!1001 &231830594
Prefab:
  m_ObjectHideFlags: 0
  serializedVersion: 2
  m_Modification:
    m_TransformParent: {fileID: 0}
    m_Modifications:
    - target: {fileID: 4000011416351110, guid: ae7d5156d36a7494291a374f3f1a64e7, type: 2}
      propertyPath: m_LocalPosition.x
      value: 8
      objectReference: {fileID: 0}
    - target: {fileID: 4000011416351110, guid: ae7d5156d36a7494291a374f3f1a64e7, type: 2}
      propertyPath: m_LocalPosition.y
      value: 12
      objectReference: {fileID: 0}
    - target: {fileID: 4000011416351110, guid: ae7d5156d36a7494291a374f3f1a64e7, type: 2}
      propertyPath: m_LocalPosition.z
      value: 0
      objectReference: {fileID: 0}
    - target: {fileID: 4000011416351110, guid: ae7d5156d36a7494291a374f3f1a64e7, type: 2}
      propertyPath: m_LocalRotation.x
      value: 0
      objectReference: {fileID: 0}
    - target: {fileID: 4000011416351110, guid: ae7d5156d36a7494291a374f3f1a64e7, type: 2}
      propertyPath: m_LocalRotation.y
      value: 0
      objectReference: {fileID: 0}
    - target: {fileID: 4000011416351110, guid: ae7d5156d36a7494291a374f3f1a64e7, type: 2}
      propertyPath: m_LocalRotation.z
      value: 0
      objectReference: {fileID: 0}
    - target: {fileID: 4000011416351110, guid: ae7d5156d36a7494291a374f3f1a64e7, type: 2}
      propertyPath: m_LocalRotation.w
      value: 1
      objectReference: {fileID: 0}
    - target: {fileID: 4000011416351110, guid: ae7d5156d36a7494291a374f3f1a64e7, type: 2}
      propertyPath: m_RootOrder
      value: 8
      objectReference: {fileID: 0}
    - target: {fileID: 114000010899314712, guid: ae7d5156d36a7494291a374f3f1a64e7,
        type: 2}
      propertyPath: m_parentTilemapGroup
      value: 
      objectReference: {fileID: 1695259679}
    - target: {fileID: 114000012805513694, guid: ae7d5156d36a7494291a374f3f1a64e7,
        type: 2}
      propertyPath: m_parentTilemapGroup
      value: 
      objectReference: {fileID: 1695259679}
    - target: {fileID: 23000012289067854, guid: ae7d5156d36a7494291a374f3f1a64e7,
        type: 2}
      propertyPath: m_Materials.Array.data[0]
      value: 
      objectReference: {fileID: 10754, guid: 0000000000000000f000000000000000, type: 0}
    - target: {fileID: 23000010847123354, guid: ae7d5156d36a7494291a374f3f1a64e7,
        type: 2}
      propertyPath: m_Materials.Array.data[0]
      value: 
      objectReference: {fileID: 10754, guid: 0000000000000000f000000000000000, type: 0}
    - target: {fileID: 23000010648650888, guid: ae7d5156d36a7494291a374f3f1a64e7,
        type: 2}
      propertyPath: m_Materials.Array.data[0]
      value: 
      objectReference: {fileID: 10754, guid: 0000000000000000f000000000000000, type: 0}
    - target: {fileID: 33000013783558752, guid: ae7d5156d36a7494291a374f3f1a64e7,
        type: 2}
      propertyPath: m_Mesh
      value: 
      objectReference: {fileID: 0}
    - target: {fileID: 33000012573023734, guid: ae7d5156d36a7494291a374f3f1a64e7,
        type: 2}
      propertyPath: m_Mesh
      value: 
      objectReference: {fileID: 0}
    - target: {fileID: 33000012069674806, guid: ae7d5156d36a7494291a374f3f1a64e7,
        type: 2}
      propertyPath: m_Mesh
      value: 
      objectReference: {fileID: 0}
    m_RemovedComponents: []
  m_ParentPrefab: {fileID: 100100000, guid: ae7d5156d36a7494291a374f3f1a64e7, type: 2}
  m_IsPrefabParent: 0
--- !u!1 &378976877
GameObject:
  m_ObjectHideFlags: 0
  m_PrefabParentObject: {fileID: 0}
  m_PrefabInternal: {fileID: 0}
  serializedVersion: 4
  m_Component:
  - 4: {fileID: 378976878}
  m_Layer: 0
  m_Name: WorkRoom
  m_TagString: Untagged
  m_Icon: {fileID: 0}
  m_NavMeshLayer: 0
  m_StaticEditorFlags: 0
  m_IsActive: 1
--- !u!4 &378976878
Transform:
  m_ObjectHideFlags: 0
  m_PrefabParentObject: {fileID: 0}
  m_PrefabInternal: {fileID: 0}
  m_GameObject: {fileID: 378976877}
  m_LocalRotation: {x: 0, y: 0, z: 0, w: 1}
  m_LocalPosition: {x: 0, y: 0, z: 0}
  m_LocalScale: {x: 1, y: 1, z: 1}
  m_LocalEulerAnglesHint: {x: 0, y: 0, z: 0}
  m_Children: []
  m_Father: {fileID: 0}
  m_RootOrder: 0
--- !u!1001 &604377333
Prefab:
  m_ObjectHideFlags: 0
  serializedVersion: 2
  m_Modification:
    m_TransformParent: {fileID: 0}
    m_Modifications:
    - target: {fileID: 4000011790036716, guid: a969a61640f9de445a671c101e99c79f, type: 2}
      propertyPath: m_LocalPosition.x
      value: 152
      objectReference: {fileID: 0}
    - target: {fileID: 4000011790036716, guid: a969a61640f9de445a671c101e99c79f, type: 2}
      propertyPath: m_LocalPosition.y
      value: 78
      objectReference: {fileID: 0}
    - target: {fileID: 4000011790036716, guid: a969a61640f9de445a671c101e99c79f, type: 2}
      propertyPath: m_LocalPosition.z
      value: 0
      objectReference: {fileID: 0}
    - target: {fileID: 4000011790036716, guid: a969a61640f9de445a671c101e99c79f, type: 2}
      propertyPath: m_LocalRotation.x
      value: 0
      objectReference: {fileID: 0}
    - target: {fileID: 4000011790036716, guid: a969a61640f9de445a671c101e99c79f, type: 2}
      propertyPath: m_LocalRotation.y
      value: 0
      objectReference: {fileID: 0}
    - target: {fileID: 4000011790036716, guid: a969a61640f9de445a671c101e99c79f, type: 2}
      propertyPath: m_LocalRotation.z
      value: 0
      objectReference: {fileID: 0}
    - target: {fileID: 4000011790036716, guid: a969a61640f9de445a671c101e99c79f, type: 2}
      propertyPath: m_LocalRotation.w
      value: 1
      objectReference: {fileID: 0}
    - target: {fileID: 4000011790036716, guid: a969a61640f9de445a671c101e99c79f, type: 2}
      propertyPath: m_RootOrder
      value: 5
      objectReference: {fileID: 0}
    m_RemovedComponents: []
  m_ParentPrefab: {fileID: 100100000, guid: a969a61640f9de445a671c101e99c79f, type: 2}
  m_IsPrefabParent: 0
--- !u!1001 &704409092
Prefab:
  m_ObjectHideFlags: 0
  serializedVersion: 2
  m_Modification:
    m_TransformParent: {fileID: 0}
    m_Modifications:
    - target: {fileID: 4000012545038260, guid: 75bad153822096f45b9c25beeeb59e60, type: 2}
      propertyPath: m_LocalPosition.x
      value: 8
      objectReference: {fileID: 0}
    - target: {fileID: 4000012545038260, guid: 75bad153822096f45b9c25beeeb59e60, type: 2}
      propertyPath: m_LocalPosition.y
      value: 12
      objectReference: {fileID: 0}
    - target: {fileID: 4000012545038260, guid: 75bad153822096f45b9c25beeeb59e60, type: 2}
      propertyPath: m_LocalPosition.z
      value: 0
      objectReference: {fileID: 0}
    - target: {fileID: 4000012545038260, guid: 75bad153822096f45b9c25beeeb59e60, type: 2}
      propertyPath: m_LocalRotation.x
      value: 0
      objectReference: {fileID: 0}
    - target: {fileID: 4000012545038260, guid: 75bad153822096f45b9c25beeeb59e60, type: 2}
      propertyPath: m_LocalRotation.y
      value: 0
      objectReference: {fileID: 0}
    - target: {fileID: 4000012545038260, guid: 75bad153822096f45b9c25beeeb59e60, type: 2}
      propertyPath: m_LocalRotation.z
      value: 0
      objectReference: {fileID: 0}
    - target: {fileID: 4000012545038260, guid: 75bad153822096f45b9c25beeeb59e60, type: 2}
      propertyPath: m_LocalRotation.w
      value: 1
      objectReference: {fileID: 0}
    - target: {fileID: 4000012545038260, guid: 75bad153822096f45b9c25beeeb59e60, type: 2}
      propertyPath: m_RootOrder
      value: 7
      objectReference: {fileID: 0}
    - target: {fileID: 23000012249173802, guid: 75bad153822096f45b9c25beeeb59e60,
        type: 2}
      propertyPath: m_Materials.Array.data[0]
      value: 
      objectReference: {fileID: 10754, guid: 0000000000000000f000000000000000, type: 0}
    - target: {fileID: 33000012329700270, guid: 75bad153822096f45b9c25beeeb59e60,
        type: 2}
      propertyPath: m_Mesh
      value: 
      objectReference: {fileID: 0}
    - target: {fileID: 114000012293710996, guid: 75bad153822096f45b9c25beeeb59e60,
        type: 2}
      propertyPath: m_parentTilemapGroup
      value: 
      objectReference: {fileID: 1454878700}
    - target: {fileID: 23000013770053822, guid: 75bad153822096f45b9c25beeeb59e60,
        type: 2}
      propertyPath: m_Materials.Array.data[0]
      value: 
      objectReference: {fileID: 0}
    - target: {fileID: 33000010232946806, guid: 75bad153822096f45b9c25beeeb59e60,
        type: 2}
      propertyPath: m_Mesh
      value: 
      objectReference: {fileID: 0}
    - target: {fileID: 114000010237275574, guid: 75bad153822096f45b9c25beeeb59e60,
        type: 2}
      propertyPath: m_parentTilemapGroup
      value: 
      objectReference: {fileID: 1454878700}
    - target: {fileID: 23000011000623452, guid: 75bad153822096f45b9c25beeeb59e60,
        type: 2}
      propertyPath: m_Materials.Array.data[0]
      value: 
      objectReference: {fileID: 10754, guid: 0000000000000000f000000000000000, type: 0}
    - target: {fileID: 33000011525445238, guid: 75bad153822096f45b9c25beeeb59e60,
        type: 2}
      propertyPath: m_Mesh
      value: 
      objectReference: {fileID: 0}
    - target: {fileID: 23000013694649354, guid: 75bad153822096f45b9c25beeeb59e60,
        type: 2}
      propertyPath: m_Materials.Array.data[0]
      value: 
      objectReference: {fileID: 0}
    - target: {fileID: 33000012237519004, guid: 75bad153822096f45b9c25beeeb59e60,
        type: 2}
      propertyPath: m_Mesh
      value: 
      objectReference: {fileID: 0}
    - target: {fileID: 23000013151062810, guid: 75bad153822096f45b9c25beeeb59e60,
        type: 2}
      propertyPath: m_Materials.Array.data[0]
      value: 
      objectReference: {fileID: 0}
    - target: {fileID: 33000010990192022, guid: 75bad153822096f45b9c25beeeb59e60,
        type: 2}
      propertyPath: m_Mesh
      value: 
      objectReference: {fileID: 0}
    - target: {fileID: 23000011580137832, guid: 75bad153822096f45b9c25beeeb59e60,
        type: 2}
      propertyPath: m_Materials.Array.data[0]
      value: 
      objectReference: {fileID: 0}
    - target: {fileID: 33000012985777552, guid: 75bad153822096f45b9c25beeeb59e60,
        type: 2}
      propertyPath: m_Mesh
      value: 
      objectReference: {fileID: 0}
    - target: {fileID: 1000012712192776, guid: 75bad153822096f45b9c25beeeb59e60, type: 2}
      propertyPath: m_IsActive
      value: 1
      objectReference: {fileID: 0}
    m_RemovedComponents: []
  m_ParentPrefab: {fileID: 100100000, guid: 75bad153822096f45b9c25beeeb59e60, type: 2}
  m_IsPrefabParent: 0
--- !u!1001 &735700546
Prefab:
  m_ObjectHideFlags: 0
  serializedVersion: 2
  m_Modification:
    m_TransformParent: {fileID: 0}
    m_Modifications:
    - target: {fileID: 4000012670758914, guid: fbd9bffe54f4e4e4eb4dd4e90dc890fe, type: 2}
      propertyPath: m_LocalPosition.x
      value: 0
      objectReference: {fileID: 0}
    - target: {fileID: 4000012670758914, guid: fbd9bffe54f4e4e4eb4dd4e90dc890fe, type: 2}
      propertyPath: m_LocalPosition.y
      value: 0
      objectReference: {fileID: 0}
    - target: {fileID: 4000012670758914, guid: fbd9bffe54f4e4e4eb4dd4e90dc890fe, type: 2}
      propertyPath: m_LocalPosition.z
      value: 0
      objectReference: {fileID: 0}
    - target: {fileID: 4000012670758914, guid: fbd9bffe54f4e4e4eb4dd4e90dc890fe, type: 2}
      propertyPath: m_LocalRotation.x
      value: 0
      objectReference: {fileID: 0}
    - target: {fileID: 4000012670758914, guid: fbd9bffe54f4e4e4eb4dd4e90dc890fe, type: 2}
      propertyPath: m_LocalRotation.y
      value: 0
      objectReference: {fileID: 0}
    - target: {fileID: 4000012670758914, guid: fbd9bffe54f4e4e4eb4dd4e90dc890fe, type: 2}
      propertyPath: m_LocalRotation.z
      value: 0
      objectReference: {fileID: 0}
    - target: {fileID: 4000012670758914, guid: fbd9bffe54f4e4e4eb4dd4e90dc890fe, type: 2}
      propertyPath: m_LocalRotation.w
      value: 1
      objectReference: {fileID: 0}
    - target: {fileID: 4000012670758914, guid: fbd9bffe54f4e4e4eb4dd4e90dc890fe, type: 2}
      propertyPath: m_RootOrder
      value: 2
      objectReference: {fileID: 0}
    m_RemovedComponents: []
  m_ParentPrefab: {fileID: 100100000, guid: fbd9bffe54f4e4e4eb4dd4e90dc890fe, type: 2}
  m_IsPrefabParent: 0
--- !u!1 &1014762371 stripped
GameObject:
  m_PrefabParentObject: {fileID: 1000012844105296, guid: 904c334ce0510414ca467c8e4b5a84db,
    type: 2}
  m_PrefabInternal: {fileID: 2031499037}
--- !u!114 &1014762373
MonoBehaviour:
  m_ObjectHideFlags: 0
  m_PrefabParentObject: {fileID: 0}
  m_PrefabInternal: {fileID: 0}
  m_GameObject: {fileID: 1014762371}
  m_Enabled: 1
  m_EditorHideFlags: 0
  m_Script: {fileID: 11500000, guid: 78b5fbd575b39844a8a2570cb4716d33, type: 3}
  m_Name: 
  m_EditorClassIdentifier: 
  _hidePath: 1
--- !u!1001 &1169996444
Prefab:
  m_ObjectHideFlags: 0
  serializedVersion: 2
  m_Modification:
    m_TransformParent: {fileID: 0}
    m_Modifications:
    - target: {fileID: 4000010152891230, guid: b3400ce61b6135140ba8a2308937963d, type: 2}
      propertyPath: m_LocalPosition.x
      value: 0
      objectReference: {fileID: 0}
    - target: {fileID: 4000010152891230, guid: b3400ce61b6135140ba8a2308937963d, type: 2}
      propertyPath: m_LocalPosition.y
      value: 0
      objectReference: {fileID: 0}
    - target: {fileID: 4000010152891230, guid: b3400ce61b6135140ba8a2308937963d, type: 2}
      propertyPath: m_LocalPosition.z
      value: 0
      objectReference: {fileID: 0}
    - target: {fileID: 4000010152891230, guid: b3400ce61b6135140ba8a2308937963d, type: 2}
      propertyPath: m_LocalRotation.x
      value: -0
      objectReference: {fileID: 0}
    - target: {fileID: 4000010152891230, guid: b3400ce61b6135140ba8a2308937963d, type: 2}
      propertyPath: m_LocalRotation.y
      value: -0
      objectReference: {fileID: 0}
    - target: {fileID: 4000010152891230, guid: b3400ce61b6135140ba8a2308937963d, type: 2}
      propertyPath: m_LocalRotation.z
      value: -0
      objectReference: {fileID: 0}
    - target: {fileID: 4000010152891230, guid: b3400ce61b6135140ba8a2308937963d, type: 2}
      propertyPath: m_LocalRotation.w
      value: 1
      objectReference: {fileID: 0}
    - target: {fileID: 4000010152891230, guid: b3400ce61b6135140ba8a2308937963d, type: 2}
      propertyPath: m_RootOrder
      value: 3
      objectReference: {fileID: 0}
    m_RemovedComponents: []
  m_ParentPrefab: {fileID: 100100000, guid: b3400ce61b6135140ba8a2308937963d, type: 2}
  m_IsPrefabParent: 0
--- !u!1001 &1177362062
Prefab:
  m_ObjectHideFlags: 0
  serializedVersion: 2
  m_Modification:
    m_TransformParent: {fileID: 0}
    m_Modifications:
    - target: {fileID: 4000011832354414, guid: 84ded701b4b295a438552183a4c6fb74, type: 2}
      propertyPath: m_LocalPosition.x
      value: 0
      objectReference: {fileID: 0}
    - target: {fileID: 4000011832354414, guid: 84ded701b4b295a438552183a4c6fb74, type: 2}
      propertyPath: m_LocalPosition.y
      value: 0
      objectReference: {fileID: 0}
    - target: {fileID: 4000011832354414, guid: 84ded701b4b295a438552183a4c6fb74, type: 2}
      propertyPath: m_LocalPosition.z
      value: 0
      objectReference: {fileID: 0}
    - target: {fileID: 4000011832354414, guid: 84ded701b4b295a438552183a4c6fb74, type: 2}
      propertyPath: m_LocalRotation.x
      value: -0
      objectReference: {fileID: 0}
    - target: {fileID: 4000011832354414, guid: 84ded701b4b295a438552183a4c6fb74, type: 2}
      propertyPath: m_LocalRotation.y
      value: -0
      objectReference: {fileID: 0}
    - target: {fileID: 4000011832354414, guid: 84ded701b4b295a438552183a4c6fb74, type: 2}
      propertyPath: m_LocalRotation.z
      value: -0
      objectReference: {fileID: 0}
    - target: {fileID: 4000011832354414, guid: 84ded701b4b295a438552183a4c6fb74, type: 2}
      propertyPath: m_LocalRotation.w
      value: 1
      objectReference: {fileID: 0}
    - target: {fileID: 4000011832354414, guid: 84ded701b4b295a438552183a4c6fb74, type: 2}
      propertyPath: m_RootOrder
      value: 6
      objectReference: {fileID: 0}
    - target: {fileID: 212000013372970138, guid: 84ded701b4b295a438552183a4c6fb74,
        type: 2}
      propertyPath: m_SortingLayerID
      value: 254876667
      objectReference: {fileID: 0}
    m_RemovedComponents: []
  m_ParentPrefab: {fileID: 100100000, guid: 84ded701b4b295a438552183a4c6fb74, type: 2}
  m_IsPrefabParent: 0
--- !u!1001 &1299389333
Prefab:
  m_ObjectHideFlags: 0
  serializedVersion: 2
  m_Modification:
    m_TransformParent: {fileID: 0}
    m_Modifications:
    - target: {fileID: 4000011372106190, guid: d6f040a721bc65a48a647dff8ff4e9fd, type: 2}
      propertyPath: m_LocalPosition.x
      value: 0
      objectReference: {fileID: 0}
    - target: {fileID: 4000011372106190, guid: d6f040a721bc65a48a647dff8ff4e9fd, type: 2}
      propertyPath: m_LocalPosition.y
      value: 0
      objectReference: {fileID: 0}
    - target: {fileID: 4000011372106190, guid: d6f040a721bc65a48a647dff8ff4e9fd, type: 2}
      propertyPath: m_LocalPosition.z
      value: 0
      objectReference: {fileID: 0}
    - target: {fileID: 4000011372106190, guid: d6f040a721bc65a48a647dff8ff4e9fd, type: 2}
      propertyPath: m_LocalRotation.x
      value: 0
      objectReference: {fileID: 0}
    - target: {fileID: 4000011372106190, guid: d6f040a721bc65a48a647dff8ff4e9fd, type: 2}
      propertyPath: m_LocalRotation.y
      value: 0
      objectReference: {fileID: 0}
    - target: {fileID: 4000011372106190, guid: d6f040a721bc65a48a647dff8ff4e9fd, type: 2}
      propertyPath: m_LocalRotation.z
      value: 0
      objectReference: {fileID: 0}
    - target: {fileID: 4000011372106190, guid: d6f040a721bc65a48a647dff8ff4e9fd, type: 2}
      propertyPath: m_LocalRotation.w
      value: 1
      objectReference: {fileID: 0}
    - target: {fileID: 4000011372106190, guid: d6f040a721bc65a48a647dff8ff4e9fd, type: 2}
      propertyPath: m_RootOrder
      value: 1
      objectReference: {fileID: 0}
    m_RemovedComponents: []
  m_ParentPrefab: {fileID: 100100000, guid: d6f040a721bc65a48a647dff8ff4e9fd, type: 2}
  m_IsPrefabParent: 0
--- !u!114 &1454878700 stripped
MonoBehaviour:
  m_PrefabParentObject: {fileID: 114000011055212352, guid: 75bad153822096f45b9c25beeeb59e60,
    type: 2}
  m_PrefabInternal: {fileID: 704409092}
  m_Script: {fileID: 11500000, guid: 7823ea85fd63d7f4d8b988fd3963dd85, type: 3}
--- !u!114 &1695259679 stripped
MonoBehaviour:
  m_PrefabParentObject: {fileID: 114000011532031478, guid: ae7d5156d36a7494291a374f3f1a64e7,
    type: 2}
  m_PrefabInternal: {fileID: 231830594}
  m_Script: {fileID: 11500000, guid: 7823ea85fd63d7f4d8b988fd3963dd85, type: 3}
--- !u!1001 &2031499037
Prefab:
  m_ObjectHideFlags: 0
  serializedVersion: 2
  m_Modification:
    m_TransformParent: {fileID: 0}
    m_Modifications:
    - target: {fileID: 4000010323595988, guid: 904c334ce0510414ca467c8e4b5a84db, type: 2}
      propertyPath: m_LocalPosition.x
      value: 0
      objectReference: {fileID: 0}
    - target: {fileID: 4000010323595988, guid: 904c334ce0510414ca467c8e4b5a84db, type: 2}
      propertyPath: m_LocalPosition.y
      value: 0
      objectReference: {fileID: 0}
    - target: {fileID: 4000010323595988, guid: 904c334ce0510414ca467c8e4b5a84db, type: 2}
      propertyPath: m_LocalPosition.z
      value: 0
      objectReference: {fileID: 0}
    - target: {fileID: 4000010323595988, guid: 904c334ce0510414ca467c8e4b5a84db, type: 2}
      propertyPath: m_LocalRotation.x
      value: 0
      objectReference: {fileID: 0}
    - target: {fileID: 4000010323595988, guid: 904c334ce0510414ca467c8e4b5a84db, type: 2}
      propertyPath: m_LocalRotation.y
      value: 0
      objectReference: {fileID: 0}
    - target: {fileID: 4000010323595988, guid: 904c334ce0510414ca467c8e4b5a84db, type: 2}
      propertyPath: m_LocalRotation.z
      value: 0
      objectReference: {fileID: 0}
    - target: {fileID: 4000010323595988, guid: 904c334ce0510414ca467c8e4b5a84db, type: 2}
      propertyPath: m_LocalRotation.w
      value: 1
      objectReference: {fileID: 0}
    - target: {fileID: 4000010323595988, guid: 904c334ce0510414ca467c8e4b5a84db, type: 2}
      propertyPath: m_RootOrder
      value: 4
      objectReference: {fileID: 0}
    m_RemovedComponents: []
  m_ParentPrefab: {fileID: 100100000, guid: 904c334ce0510414ca467c8e4b5a84db, type: 2}
  m_IsPrefabParent: 0
